@misc{numpde,
  author="Joachim Schöberl",
  title="Elementare numerische {M}ethoden für partielle {D}ifferentialgleichungen",
  month="Januar",
  year=2009,
}
